<?xml version="1.0" encoding="UTF-8"?><collection xmlns="http://www.loc.gov/MARC21/slim"><record><leader>00388nam--2200157-i-4500</leader><controlfield tag="001">000039669</controlfield><controlfield tag="002">20161230</controlfield><controlfield tag="005">20170128193150</controlfield><controlfield tag="008">060222s1000------------r-----000-0-eng-d</controlfield><datafield ind1=" " ind2=" " tag="080"><subfield code="a">77</subfield></datafield><datafield ind1=" " ind2=" " tag="100"><subfield code="a">Romer, Witold</subfield></datafield><datafield ind1=" " ind2=" " tag="245"><subfield code="a">Teoria procesu fotograficznego</subfield></datafield><datafield ind1=" " ind2=" " tag="260"><subfield code="a">Warszawa</subfield><subfield code="b">Panstwowe Wydawnictwo Naukowe</subfield><subfield code="c">1955</subfield></datafield><datafield ind1=" " ind2=" " tag="300"><subfield code="a">290 p</subfield></datafield><datafield ind1=" " ind2=" " tag="852"><subfield code="a">5814</subfield></datafield><datafield ind1=" " ind2=" " tag="CAT"><subfield code="a">SYS</subfield><subfield code="c">20170128</subfield><subfield code="h">193150</subfield></datafield></record></collection>